<?xml version="1.0" encoding="UTF-8"?><collection xmlns="http://www.loc.gov/MARC21/slim"><record><leader>00374nam--2200121-i-4500</leader><controlfield tag="001">000015177</controlfield><controlfield tag="002">20161230</controlfield><controlfield tag="005">20161230201031</controlfield><controlfield tag="008">060222s1000------------r-----000-0-eng-d</controlfield><datafield ind1=" " ind2=" " tag="100"><subfield code="a">Burgeat, M., Grall, Y.Et Loth, D</subfield></datafield><datafield ind1=" " ind2=" " tag="245"><subfield code="a">Biophysique sensorielle. audition-vision equil ibre vestibulaire</subfield></datafield><datafield ind1=" " ind2=" " tag="260"><subfield code="a">Paris, Masson Et C-ie, 1973</subfield></datafield><datafield ind1=" " ind2=" " tag="490"><subfield code="a">Physique Et Biophysique (P.C.E.M.)</subfield></datafield></record></collection>